/Users/paulmayer/Library/CloudStorage/GoogleDrive-paul.jofly@gmail.com/My Drive/Projects/notes/lib.bib